%YAML 1.1
%TAG !u! tag:unity3d.com,2011:
--- !u!1001 &100100000
Prefab:
  m_ObjectHideFlags: 1
  serializedVersion: 2
  m_Modification:
    m_TransformParent: {fileID: 0}
    m_Modifications: []
    m_RemovedComponents: []
  m_ParentPrefab: {fileID: 0}
  m_RootGameObject: {fileID: 1000010423261620}
  m_IsPrefabParent: 1
--- !u!1 &1000010423261620
GameObject:
  m_ObjectHideFlags: 0
  m_PrefabParentObject: {fileID: 0}
  m_PrefabInternal: {fileID: 100100000}
  serializedVersion: 5
  m_Component:
  - component: {fileID: 4000010734028742}
  - component: {fileID: 114000011568364516}
  - component: {fileID: 114000010619554038}
  - component: {fileID: 114000012991589216}
  m_Layer: 0
  m_Name: SAGE2Manager
  m_TagString: Untagged
  m_Icon: {fileID: 0}
  m_NavMeshLayer: 0
  m_StaticEditorFlags: 0
  m_IsActive: 1
--- !u!4 &4000010734028742
Transform:
  m_ObjectHideFlags: 1
  m_PrefabParentObject: {fileID: 0}
  m_PrefabInternal: {fileID: 100100000}
  m_GameObject: {fileID: 1000010423261620}
  m_LocalRotation: {x: 0, y: 0, z: 0, w: 1}
  m_LocalPosition: {x: 107.15564, y: 119.020065, z: 21.44931}
  m_LocalScale: {x: 1, y: 1, z: 1}
  m_Children: []
  m_Father: {fileID: 0}
  m_RootOrder: 0
  m_LocalEulerAnglesHint: {x: 0, y: 0, z: 0}
--- !u!114 &114000010619554038
MonoBehaviour:
  m_ObjectHideFlags: 1
  m_PrefabParentObject: {fileID: 0}
  m_PrefabInternal: {fileID: 100100000}
  m_GameObject: {fileID: 1000010423261620}
  m_Enabled: 1
  m_EditorHideFlags: 0
  m_Script: {fileID: 11500000, guid: 1a75ad8f5728dfb45a9d0423b8eca7c4, type: 3}
  m_Name: 
  m_EditorClassIdentifier: 
  mainCanvas: {fileID: 0}
  sagePointerPrefab: {fileID: 1000013429428722, guid: 14861e28e452c4448bc812294e6f0cd0,
    type: 2}
--- !u!114 &114000011568364516
MonoBehaviour:
  m_ObjectHideFlags: 1
  m_PrefabParentObject: {fileID: 0}
  m_PrefabInternal: {fileID: 100100000}
  m_GameObject: {fileID: 1000010423261620}
  m_Enabled: 1
  m_EditorHideFlags: 0
  m_Script: {fileID: 11500000, guid: b43784c96408d244793860e8c8123ff3, type: 3}
  m_Name: 
  m_EditorClassIdentifier: 
  sage2Server: localhost:9292
  connected: 0
  session: 
  saveSessionHashToPrefs: 0
  clearSessionHashFromPrefs: 0
  clientType: 0
  serverPort: 0
  connectionText: {fileID: 0}
  showWSDebug: 0
--- !u!114 &114000012991589216
MonoBehaviour:
  m_ObjectHideFlags: 1
  m_PrefabParentObject: {fileID: 0}
  m_PrefabInternal: {fileID: 100100000}
  m_GameObject: {fileID: 1000010423261620}
  m_Enabled: 1
  m_EditorHideFlags: 0
  m_Script: {fileID: 11500000, guid: 3a2c400fc5cfd9142a05216152784222, type: 3}
  m_Name: 
  m_EditorClassIdentifier: 
  url: 
  aliasCount: 0
  connectionState: 0
  showDebug: 0
  showIncomingMessages: 0
  logMessages: 0
  dumpLogToFile: 0
